LDR  00432nam  2200133ba 45  
001      GLAD2069-B
005  19860618100450.0
008  860618 1986    cau                 eng  
245  00   $a LSO test record #8 : $b BANC-STO and Star ess / $c FBH.
260  0    $a Berkeley, Ca.: $b LSO, $c 1986.
300       $c 27 cm.
500       $a GLAD SVM BANCROFT: STO NOTE (#096), 1 RFL# (955$s), NO SUM NOTE.
852       $a GLAD $b BNRLF $g Y858855 $j FB8.H8 $p $J12345
901       $a GLAD $b 2069

Record 3
