LDR  00597nam  2200181pa 45  
001      GLAD2063-B
005  19860618100450.0
008  860618         cau                 eng  
010       $a 24-123456
245  00   $a LSO test record #2 : $b Star ess only, / $c F.B.H.
260  0    $a Berkeley, Ca. : $b Lib. Sys. Off., $c 1986.
300       $c 27 cm.
500       $a GLAD SVM: 1ST LOC HAS: NO STO NOTE, NO SUM NOTE, 1 RLF#(955$s).
500       $a GLAD: 2ND AND 3RD LOCS ARE NEITHER SVM NOR MVM.
852       $a GLAD $b NRLF $j FB2.H2 $p $D123456
852       $a GLAD $b AASL $h JKi44 $i .B99
852       $a GLAD $b JOUR $j TL101.C16
901       $a GLAD $b 2063

Record 4
