LDR  00415nam  2200133ba 45  
001      GLAD2068-B
005  19860618100450.0
008  860618 1986    cau                 eng  
245  00   $a LSO test record #7 : $b BANC-Star ess only / $c FBH.
260  0    $a Berkeley, Ca.: $b LSO, $c 1986.
300       $c 27 cm.
500       $a GLAD SVM BANCROFT: NO STO NOTE, NO SUM NOTE, 1 RLF#(955$s).
852       $a GLAD $b BNRLF $j FB7.H7 $p $H12345
901       $a GLAD $b 2068

Record 5
