LDR  00977nam  2200265K  45  
001      GLAD17064824-B
005  19901218004537.0
005  19901218004537.0u             
008  850309s1943    xx af    b    00000 eng d
035       $a ocm22781309 
040       $c CUY
100  10   $a Russell, John Albert, $d 1913-
245  03   $a An investigation of selective absorption and of the density function in the Scutum region of the Milky way.
260  1    $c [1943]
300       $a 1 p. l., 60 numb. l. incl. tables, diagrs., pl.
500       $a GLAD SVM ALL 3 LOCS: EACH LOC HAS 1 RLF#; 3RD LOC IS A BANCROFT LOC.
502       $a Thesis (Ph. D.)--Univ. of California, Berkeley, Oct. 1943.
504       $a Bibliographical footnotes.
650   0   $a Absorption of light.
650   0   $a Stars $x Distribution.
651   0   $a Milky Way.
852       $a GLAD $b NRLF $h QB3.6 $i .R9642 $p $C 24 255
852       $a GLAD $b NRLF $h QB819 $i .R85 $p $C 24 360
852       $a GLAD $b BNRLF $h QB81 $i .R8 $p $C 25 240
901       $a GLAD $b 17064824

Record 6
