LDR  00408nam  2200133ba 45  
001      GLAD2067-B
005  19860618100450.0
008  860618 1986    cau                 eng  
245  00   $a LSO test record #6 : $b BANC-STO only / $c FBH.
260  0    $a Berkeley, Ca.: $b LSO, $c 1986.
300       $c 27 cm.
500       $a GLAD SVM BANCROFT: STO NOTE #096, NO SUM NOTE, NO RLF#.
852       $a GLAD $b BNRLF $g Y98243432 $j FB6.H6
901       $a GLAD $b 2067

Record 8
