LDR  00495nam  2200157pa 45  
001      GLAD2065-B
005  19860618100450.0
008  860618 1986    cau                 eng  
010       $a 24-123456 
245  00   $a LSO test record #4 : $b STO-SUM-Star ess, $c FBH.
260  0    $a Berkeley, Ca.: $b LSO, $c 1986.
300       $c 27 cm.
500       $a GLAD MVM: STO NOTE #096, SUM NOTE #8, 1 RLF#.
852       $a GLAD $b MAIN $g At NRLF: Y2349807 $j FB4.H4 $3 v.1-5
852       $a GLAD $b NRLF $g Y2349807 $j FB4.H4 $p $F12345
901       $a GLAD $b 2065

Record 9
