LDR  00485nam  2200145ba 45  
001      GLAD2070-B
005  19860618100450.0
008  860618 1986    cau                 eng  
245  00   $a LSO test record #9 : $b BANC-SUM-STO-Star ess / $c FBH.
260  0    $a Berkeley, Ca.: $b LSO, $c 1986.
300       $c 27 cm.
500       $a GLAD MVM BANCROFT: STO NOTE #096, SUM NOTE #8, 1 RLF#.
852       $a GLAD $b BANC $g At NRLF: YT3968119 $j FB9.H9 $3 v.12
852       $a GLAD $b BNRLF $g YT3968119 $j FB9.H9 $p $K12345
901       $a GLAD $b 2070

Record 10
