LDR  00502nas  2200157pa 45  
001      GLAD2063-B
005  19860618100450.0
008  860618         cau                 eng  
010       $a 24-123456
245  00   $a Modified LSO test record #11 : $c F.B.H.
260  0    $a Berkeley, Ca. : $b Lib. Sys. Off., $c 1986.
300       $c 27 cm.
500       $a GLAD MVM SERIAL: STO NOTE #507, SUM IN 950$v; 1 RLF#.
852       $a GLAD $b MAIN $g At NRLF: 12345 $j FB2.H2 $3 v.1-8
852       $a GLAD $b NRLF $g 12345 $j FB2.H2 $p $Z394959
901       $a GLAD $b 2063

Record 11
