LDR  01256nas  2200265   45  
001      GLAD91480-S
005  20010811194355.0
008  840123c19419999cauar p       0  1 0eng u
010       $a    75646185 
022       $a 0574-3680
035       $a CUBU1615-S
222  04   $a The Covered wagon
245  04   $a The Covered wagon.
260       $a Redding, Calif. [etc.] $b Shasta Historical Society.
300       $a v. $b ill.,ports. $c 23 cm.
310       $a Annual, 1954-
362  0    $a Sept. 1941-
500       $a GLAD MVM BANCROFT SERIAL: HAS SUM (950 $v) & STO NOTE (#096): CREATE 2 LOCS. 1)BNEG - 950 $n #506 -> 852$m; $n #096 -> 852$g; $n #513 -> 852$z; $v -> 852$3.
500       $a 2ND LOC: "BNRLF" - 950 $n #506 -> 852$m; $n #096 -> 852$g; $n #513 -> 852$z.
650   0   $a American literature $z California $x Periodicals.
710  20   $a Shasta Historical Society
780  05   $a Shasta Historical Society. $t Year book $g May/June 1945
852       $a GLAD $b BNEG $g At NRLF: 1941-1943 $h F850 $i .C79 $m Later issues in Unbound $z Index for 1951 cataloged separately with call no.: F850.C79 Index 1950. $3 1941-1992; Indexes  1950-1960
852       $a GLAD $b BNRLF $g 1941-1943 $h F850 $i .C79 $m Later issues in Unbound $z Index for 1951 cataloged separately with call no.: F850.C79 Index 1950.
901       $a GLAD $b 91480

Record 12
