LDR  00511nam  2200145ba 45  
001      GLAD2071-B
005  19860618100450.0
008  860618 1986    cau                 eng  
245  00   $a Modified LSO test record #10 : $b BANC-SUM($v)-STO- / $c FBH.
260  0    $a Berkeley, Ca.: $b LSO, $c 1986.
300       $c 27 cm.
500       $a GLAD MVM BANCROFT: STO NOTE (#096), SUM NOTE (950$v), RLF# (955$s).
852       $a GLAD $b BANC $g At NRLF: Y2322296 $j FB10.H10 $3 v.55-57
852       $a GLAD $b BNRLF $g Y2322296 $j FB10.H10 $p $Z1112228
901       $a GLAD $b 2071

Record 13
