LDR  00920nam  2200241 a 45  
001      GLAD38447-B
005  19830314110726.0
008  830314s1982    enka     b    00110 eng  
039  0    $a 2 $b 3 $c 3 $d 3 $e 3
010       $a    81067904
020       $a 0126186200
050  0    $a QD96.N8 $b S26 1982
082  0    $a 543/.0877 $2 19
100  10   $a Sandstrèom, J.
245  10   $a Dynamic NMR spectroscopy / $c J. Sandstrèom.
260  0    $a London ; $a New York : $b Academic Press, $c 1982.
300       $a x, 226 p. : $b ill. ; $c 24 cm.
500       $a GLAD: 950 HAS $d, $e, $f - REMOVE BACKSLASHES, OUTPUT $d TO 852 $k, $e TO 852 $m, $f TO 852 $x (03/02).
650   0   $a Nuclear magnetic resonance spectroscopy.
740  01   $a Dynamic N.M.R. spectroscopy.
852       $a GLAD $b BIOC $h QD96.N8 $i S26 1982 $k From subfld d $m From subfld e $x From subfld f
901       $a GLAD $b 38447
998       $a GLAD $b 1003 $c Record contains the unknown location code BIOC $d Release-027-000 $e 38447

Record 14
