LDR  01176nam  2200289   45  
001      GLAD38448-B
005  19830314110734.0
008  830314m19399999ii bcf       f00000 eng  
010       $a    42030937
040       $c CU-A $d CU-A
043       $a a-ii---
050  0    $a DS485.S65 $b A5
110  10   $a Sirmur, India.
245  10   $a Sirmur state gazetteer 1934.
260  0    $a Lahore, $b Printed by the Superintendent, Government Printing, Punjab, $c 1939-
300       $a v. $b geneal. tables, ford. maps, plates, ports. $c 26 cm.
500       $a GLAD: VERIFY CALL NUMBER PROCESSING.
500       $a GLAD: FOR LOC OPTO, CREATE 852 WITH $h AND $i FROM 950 $a AND $b; OUTPUT $d AS 852 $k AFTER REMOVING 3 BACKSLASHES AND ADDING A SPACE BETWEEN THEM
500       $a GLAD: FOR LOC MAPS2, REMOVE BACKSLASHES FROM 950 $a & CREATE 852$j
500       $a GLAD: FOR LOC ED-P, CREATE 852 WITH $j FROM 950 $b.
651   0   $a Sirmur, India.
700  10   $a Kapur, Kahn Chand.
852       $a GLAD $b OPTO $h DS485.S65 $i A5 $k Bennett Coll
852       $a GLAD $b MAPS2 $j Atlas Case
852       $a GLAD $b ED-P $j PA4414
901       $a GLAD $b 38448
998       $a GLAD $b 1003 $c Record contains the unknown location code MAPS2 $d Release-027-000 $e 38448

Record 15
