LDR  00794nam  2200169 a 45  
001      GLAD28449-B
005  19830314110844.0
008  830314r19801930is            00011 rusod
040       $a NIC $c NIC $d CU
100  10   $a Kozakov, Mikhail çEmmanuilovich.
245  10   $a Chelovek, padaëiìushchiæi niëtìs : $b povesti i rasskazy / $c Mikhail Kozakov.
260  0    $a [Tel-Aviv : $b Shofar, $c 1980?]
300       $a 220 p. ; $c 17 cm.
500       $a GLAD: 950 HAS 3 $d's WITH CASE VARYING 'REF' NOTES; REMOVE BACKSLASHES & OUTPUT EACH AS SEPARATE 852 $m'S (5/02).
500       $a GLAD: 950 HAS $e WITH 2 SURROUNDING & 1 CENTRAL BACKSLASH; REMOVE BACKSLASHES & REPLACE CENTRAL ONE WITH A SPACE; OUTPUT AS  852 $m (5/02).
852       $a GLAD $b MAIN $h PG3476.K66 $i C5 1980 $m Ref $m Reference Area $m REFER to MOTHRA $m Loan Desk
901       $a GLAD $b 28449

Record 16
