LDR  00708cam  2200193 i 45  
001      GLAD14154560-B
005  19830315093913.0
008  800219s1963    cl            00011 spa d
040       $a NN $c CU-A $d CU-A
100  10   $a Thomson, Augusto, $d 1880-1950.
245  00   $a Antologâia de Augusto d'Halmar : $b el hermano errante ; $c selecciâon y prâologo de Enrique Espinoza.
260  0    $a Santiago de Chile : $b Zig-Zag, $c 1963.
300       $a 294 p. ; $c 21 cm.
490  0    $a Colecciâon Antologâias
500  0    $a GLAD: 950 HAS $n #508; REMOVE BACKSLASHES, OUTPUT AS 852 $z (03/02).
700  11   $a Espinoza, Enrique, $d 1898-
740  31   $a El hermano errante.
852       $a GLAD $b MAIN $h PQ8097.T55 $i A6 1963 $z 508 text
901       $a GLAD $b 14154560

Record 18
