LDR  00780nam  2200241 a 45  
001      GLAD28521-B
005  19830314141559.0
008  830314s1981    pau           00010 eng  
039  0    $a 2 $b 3 $c 3 $d 3 $e 3
010       $a    81009220
020       $a 0918366232 : $c $10.00
020       $a 0918366224 (pbk.) : $c $5.95
040       $a DGPO/DLC $d CStRLIN $d CU-A
050  0    $a PS3576.I47 $b A83
082  0    $a 811/.54 $2 19
100  10   $a Zimmer, Paul.
245  14   $a The ancient wars / $c Paul Zimmer.
260  0    $a Pittsburgh : $b Slow Loris Press, $c 1981.
300       $a 29 p. ; $c 23 cm.
490  0    $a Slow Loris poetry series
500       $a GLAD: 950 $n HAS SUM HOL NOTE #8, 950 HAS $v, $y; OUTPUT 950 $v,$y AS 852 $3 (03/02).
852       $a GLAD $b ANTH $j Avant Garde $3 v.1-80; Library Lacks: v.66
901       $a GLAD $b 28521

Record 19
