LDR  00611nam  2200157 a 45  
001      GLAD48533-B
005  19830314144332.0
008  830314s1981    dcu      b   i00010 spa  
050  0    $a AC75 $b .V248 1981
100  10   $a Tobor, Johnny Bob
245  10   $a History of the felt tip pen.
260  0    $a Washington, D.C. : $b Daemon Pubs.
300       $a v.1-1000 ; $c 50 cm.
500       $a GLAD: 950 HAS $v $y $z: APPEND "Library Lacks: " IN FRONT OF $y; CONCATENATE $v, $y, $z (SEPARATING WITH "; ") AND OUTPUT TO 852 $3 (05/02).
852       $a GLAD $b MAIN $h AC75 $i .V248 $3 v.1-1000; Library Lacks: v.49,67; Electronic Access.
901       $a GLAD $b 48533

Record 20
