LDR  00778nam  2200193 a 45  
001      GLAD48482-B
005  19830314120658.0
008  830314s1982    maua     b    00110 eng  
100  10   $a Porell, Frank W.
245  10   $a Models of intraurban residential relocation / $c Frank W. Porell.
260  0    $a Boston : $b Kluwer-Nijhoff, $c c1982.
300       $a xvi, 204 p. : $b ill. ; $c 24 cm.
440   0   $a Studies in applied regional science
500       $a GLAD: OUTPUT 950$n PROF. NOTES #43-51 AS 852$x; IGNORE NOTES #999, #777, #444 (05/02).
650   0   $a Residential mobility $z United States $x Mathematical models.
852       $a GLAD $b MAIN $h HD7288 $i P67 $x #43 $x #44 $x #45 $x #46 $x #47
852       $a GLAD $b BUSI $h RV6666 $i J44 $x #48 $x #49 $x #50 $x Fnote
852       $a GLAD $b ED-P $h AC100 $i J22 $x #51 NOTE
901       $a GLAD $b 48482

Record 21
