LDR  00668nam  2200229 a 45  
001      GLAD38483-B
005  19830314120705.0
008  830314m19829999flua     b    00100 eng  
039  0    $a 2 $b 3 $c 3 $d 3 $e 3
010       $a    81010018
020       $a 0849360412 (v. 1)
040       $d CU-A
050  0    $a TP453.C65 $b F67 1982
082  0    $a 664/.01 $2 19
245  00   $a Food hydrocolloids / $c editor, Martin Glicksman.
260  0    $a Boca Raton, FL : $b CRC Press, $c c1982-
300       $a v. : $b ill. ; $c 26 cm.
500       $a GLAD: CONTAINS 950 $n #28 NOTE; IGNORE (03/02).
650   0   $a Colloids.
700  10   $a Glicksman, Martin.
852       $a GLAD $b MAIN $h TP453.C65 $i F67 1982
901       $a GLAD $b 38483

Record 22
