LDR  00701nas  2200157   45  
001      GLAD89182-S
005  19900728040512.0
008  840110d19041967mx  u p       0uuub0spa d
035       $a RLINCUBU13068404-S
245  00   $a Boletâin del Biblioteca Nacional de Mâexico.
260       $a Mâexico.
362  0    $a v.1-13, no.1, July 1904-Jan./Feb. 1929; ser.2, v.1-18, 1950-1967
500       $a GLAD SERIAL: 2 950$v's & 1 $y; CONCATENATE BOTH $v's & $y AFTER PREFIXING 'Library lacks: ' TO THE $y; SEPARATE EACH UNIT WITH A SEMICOLON SPACE ("; ") AND OUTPUT RESULT AS 852 $3.
710  21   $a Biblioteca Nacional de Mâexico
852       $a GLAD $b BANC $h Z885 $i .M58 $3 v.3-77; v.99-121; Library Lacks: First two issues.
901       $a GLAD $b 89182

Record 26
