LDR  00509nam  2200133pa 45  
001      GLAD3063-B
005  19860618100450.0
008  860618 1986    cau                 eng  
010       $a 4-123
245  04   $a The Godzilla Diaries.
260  0    $a Berkeley,Ca.: $b Library Systems Office, $c 1986.
500       $a GLAD SRLF: LOCATION IN 950 $l IS 'ANEG'; DO NOT PROCESS AS MVM OR SVM; OUTPUT 'ANEG' IN 852$b; #096 STO NOTE IN 852$g; 950$v IN 852$3; 955$s IN 852 $p.
852       $a GLAD $b ANEG $g Y9876 $j FB1.H1 $p 45966 $3 V.1-13
901       $a GLAD $b 3063

Record 27
