LDR  01419nms  2200265   45  
001      GLAD97869-S
005  19970920230024.0
008  840131c19639999nyu           0uuua0eng u
010       $a    77002093 //r88 $z 71-20887
022       $a 0068-0346
035       $a RLINCUBG12625607-S
050       $a Q174 $b .B67
222  00   $a Boston studies in the philosophy of science
245  00   $a Boston studies in the philosophy of science.
260  00   $a Dordrecht, Netherlands : $b D. Reidel Pub. Co., $c 1963-
300       $a v. : $b ill.; $c 22 cm.
362  0    $a [Vol. 1]-
500       $a GLAD PE: MRDF RECORD (TYPE m, BIBLVL s); NO SPECIAL PROCESSING.
510  2    $a Biological abstracts $x 0006-3169 $b -1980
510  2    $a Mathematical reviews $x 0025-5629
650   0   $a Science $x Philosophy.
852       $a GLAD $b MAIN $g At NRLF: v.1-4, v.5:1-5:2, v.6-9, v.12-18, v.19:1-19:2, v.20-25, v.27-30, v.32-36 $h Q175.A1 $i .B63 $z After vol. 61 cataloged individually with series added entries. $3 Bound 1-16, 18-39, 42-44, 46-61 *c(more than one copy of some volumes)
852       $a GLAD $b NRLF $g v.1-4, v.5:1-5:2, v.6-9, v.12-18, v.19:1-19:2, v.20-25, v.27-30, v.32-36 $h Q175.A1 $i .B63 $z After vol. 61 cataloged individually with series added entries.
852       $a GLAD $b PHIL $h Q175.A1 $i .B63 $z Issues after vol. 39, if received, will be cataloged individually with with series added entries $3 Bound 1(1963)-8, 11-12, 14, 16, 20, 22-25, 27-28, 35, 37, 39(1977)
901       $a GLAD $b 97869

Record 28
