LDR  00974nam  2200253   45  
001      GLAD342-B
005  20020510143000.0
008  830810 1981    gt                  spa u
010       $a    82136295 
035       $a ocm08668086
100  20   $a Lujâan Muänoz, Luis.
245  10   $a Tradiciones navideänas de Guatemala / $c Luis Lujâan Muänoz
260  0    $a [Guatemala, Guatemala] : $b Esso Central America, $c [1981]
265       $a Casa El Carmen $b 3a. Avenida Norte No. 8 $c Antigua, Guatemala, C.A.
300       $a 199 p. : $b ill. (some col.) ; $c 22 cm
490  1    $a Cuadernos de la tradiciâon guatemalteca ; $v 1
500       $a GLAD: NO 005 FLD IN INPUT REC; CREATE 005 FROM PARM IN PROGRAM RUN.
650   0   $a Christmas $z Guatemala.
651   0   $a Guatemala $x Social life and customs.
651   0   $a Guatemala $x Social life and customs.
752       $a Guatemala $d Guatemala $9 (1981)
830   0   $a Cuadernos de la tradiciâon guatemalteca ; $v 1
852       $a GLAD $b BANC $h F1473.9 $i .L84.1981
901       $a GLAD $b 342

Record 30
