LDR  00572nam  2200181K  45  
001      GLAD999-B
005  19901218004537.0
008  850309s1943    xx af    b    00000 eng d
035       $a ocm22781309 
040       $c CUY
100  10   $a Jarratt, Kent, $d 1950-
245  03   $a The giant squid.
260  1    $c [1943]
300       $a 1 p. l., 60 numb. l. incl. tables, diagrs., pl.
500       $a GLAD: 3 LOCS; 1st AND 3rd HAVE 'D' IN 10TH POSITION OF 950 $i; DO NOT CREATE 852s FOR THEM - THEY ARE DELETE LOCATIONS.
651   0   $a Ink Bottles.
852       $a GLAD $b CEDA $h QF222 $i .P99
901       $a GLAD $b 999

Record 31
