LDR  00426nam  2200145pa 45  
001      GLAD2064-B
005  19860618100450.0
008  860618 1986    cau                 eng  
010       $a micA24-123456
245  00   $a Claw of the ten foot tabby.
260  0    $a Berkeley, Ca.: $b JRAT, $c 2001.
300       $c 99 cm.
500       $a GLAD: RECORD CONTAINS NON-NUMERIC TAGS; DO NOT MOVE TO OUTPUT RECORD.
852       $a GLAD $b MAIN $j P19.B51
901       $a GLAD $b 2064

Record 32
