LDR  00925naX  2200241   45  
001      GLAD1145-B
005  20020407000330.0
008  830810 1980    at                  eng u
010       $a    81670137
035       $a ocm08169499
100  10   $a Boland, D. J. $q (Douglas J.)
245  10   $a Eucalyptus seed / $c D.J. Boland, M.I.H. Brooker, and J.W. Turnbull ; with scanning electron microscopy by D.A. Kleinig
260  0    $a [Canberra] : $b CSIRO Australia, $c c1980
300       $a 191 p. : $b ill. ; $c 26 cm
500       $a GLAD: INVALID BIBLVL - CREATE 998 FIELD WITH ERROR MSG (05/02).
504       $a Bibliography: p. [173]-180
650   0   $a Eucalyptus $x Seeds.
700  10   $a Brooker, M. I. H. $q (M. Ian H.)
700  10   $a Kleinig, D. A.
700  10   $a Turnbull, J. W. $q (John W.)
852       $a GLAD $b BIOS $h SD397.E8 $i .B63 $3 *c2 copies
901       $a GLAD $b 1145
998       $a GLAD $b 1005 $c Record contains the invalid bibliographic level X $d Release-027-000 $e 1145

Record 34
LDR  00555dXX  2200157   45  
001      GLAD1489-B
005  20020510143000.0
008  830810 1982    flu                 eng u
010       $a    82001238
035       $a ocm08195962
260  0    $a Boca Raton, Fla. : $b CRC Press, $c c1982
300       $a 219 p. : $b ill. ; $c 26 cm
500       $a GLAD: DELETE RECORD: INVALID TYPE & BIBLVL, NO 245, NO 005, NO LOC CODE- OUTPUT DELETE REC, DO NOT OUTPUT 998 ERROR FIELDS; USE FILEDATE FOR 005 (05/02).
650   0   $a Salt marsh plants.
700  10   $a Lewis, Roy R., $d 1944-
901       $a GLAD $b 1489

Record 35
LDR  00718nam  2200217   45  
001      GLAD2073-B
005  20020407000330.0
008  830810 1979    mau                 eng u
010       $a    79084320
035       $a ocm05228242
250       $a 2d ed
260  0    $a Boston : $b Little, Brown, $c c1979
300       $a xv, 388 p. : $b ill. ; $c 22 cm
500       $a GLAD: REC HAS NO 245, CREATE 998 FIELD WITH ERROR MSG (05/02).
650   0   $a Symptoms.
650   0   $a Diagnosis.
700  10   $a Briney, Walter G. $q (Walter George), $d 1934-
700  10   $a Friedman, H. Harold $q (Henry Harold), $d 1917-
852       $a GLAD $b BIOS $h RC69 $i .P76 1979 $m WITHDRAWN
901       $a GLAD $b 2073
998       $a GLAD $b 1002 $c Record contains no 245 field $d Release-027-000 $e 2073

Record 36
