LDR  01270nam  2200205   45  
001      GLAD2327-B
005  20020407000330.0
008  830810 1981    dcu          f      eng u
010       $a    81602600
035       $a ocm07565150
086       $a Y 4.Ap 6/1:L 11/982/pt.1-10
110  10   $a United States. $b Congress. $b House. $b Committee on Appropriations. $b Subcommittee on the Departments of Labor, Health and Human Services, Education, and Related Agencies.
245  10   $a Departments of Labor, Health and Human Services, Education, and related agencies appropriations for 1982 : $b hearings before a subcommittee of the Committee on Appropriations, House of Representatives, Ninety-seventh Congress, first session / $c Subcommittee on the Departments of Labor, Health and Human Services, Education, and Related Agencies
260  0    $a Washington : $b U.S. G.P.O., $c 1981
300       $a 10 v. : $b ill. ; $c 24 cm
500       $a GLAD: DROP ALL INPUT 9XX FIELDS, INC 901 (05/02).
651   0   $a United States $x Appropriations and expenditures, 1982.
852       $a GLAD $b MAIN $g At NRLF: no.11 pt.1-3, no.11 pt.4-7, no.11 pt.8-11 pt.9-10 $h J61 $i .A6 97th no.11 pt.1-10 $3 PART 1-10 (1981)
852       $a GLAD $b NRLF $g no.11 pt.1-3, no.11 pt.4-7, no.11 pt.8-11 pt.9-10 $h J61 $i .A6 97th no.11 pt.1-10
901       $a GLAD $b 2327

Record 37
