LDR  01648nas  2200349 a 4500
001      GLAD100663306-B
005  20020428192640.0
008  890728u19uu9999mx ar        f0uuub0spa  
010       $a    86656653
035       $a ocm14577304 
040       $a DLC $c DLC $d m/c $d DLC $d CUY
042       $a lc
043       $a n-mx---
050  00   $a J171 $b .N3a
082  00   $a 354.72/0005 $2 19
110  10   $a Mexico. $b President.
245  10   $a Informe de gobierno. $p Pesca y recursos del mar.
246  10   $a Pesca y recursos del mar
260  00   $a [Mâexico : $b Pesca, Direcciâon General de Comunicaciâon y Publicaciones,
300       $a v. : $b ill. ; $c 28 cm.
500       $a CHAR CO p0s; CHAR C1 p1s; CHAR C2 p2s;CHAR C3 p3s; CHAR C4 p4s; CHAR C5 p5s; CHAR C6 p6s.
500       $a CHAR C7 p7s; CHAR C8 p8s; CHAR C9 p9s; CHAR CA p+s; CHAR CB p-s; CHAR CC p(s CHAR CD p)s.
500       $a CHAR D0 b0s; CHAR D1 b1s; CHAR D2 b2s; CHAR D3 b3s; CHAR D4 b4s; CHAR D5 b5s; CHAR D6 b6s.
500       $a CHAR D7 b7s; CHAR D8 b8s; CHAR D9 b9s; CHAR DA b+s; CHAR DB b-s; CHAR DC b(s; CHAR DD b)s.
500       $a CHAR AF gas; CHAR BE gbs; CHAR BF gcs;
500       $a CHAR A0  ; CHAR CE Î; CHAR CF Ï; CHAR DE Þ; CHAR DF ß; CHAR FC ü; CHAR FD ý.
515       $a Also has numbering that begins again with each president's term.
651   0   $a Mexico $x Politics and government $y 1970-1988 $x Periodicals.
651   0   $a Mexico $x Economic policy $y 1970-1994 $x Periodicals.
710  10   $a Mexico. $b Secretarâia de Pesca. $b Direcciâon General de Comunicaciâon y Publicaciones.
852       $a GLAD $b MAIN $h J171 $i .N344 $3 BOUND 1986(4)
901       $a GLAD $b 100663306

